@techreport{gueneau,
    author = "Armaël Guéneau",
    title = "Formal Verification of Asymptotic Complexity Bounds for {OCaml} Programs",
    institution = "Inria Paris-Rocquencourt",
    year = 2015}
% http://perso.ens-lyon.fr/armael.gueneau/Formal%20Verification%20of%20Asymptotic%20Complexity%20Bounds%20for%20OCaml%20Programs%20report.pdf